@inproceedings{7535557,
 author = {J. Schlechtriemen and K. P. Wabersich and K. Kuhnert},
 booktitle = {2016 IEEE Intelligent Vehicles Symposium (IV)},
 title = {Wiggling through complex traffic: Planning trajectories constrained by predictions},
 year = {2016}
}

@inproceedings{8317745,
 author = {J. Chen and W. Zhan and M. Tomizuka},
 booktitle = {2017 IEEE 20th International Conference on Intelligent Transportation Systems (ITSC)},
 title = {Constrained iterative LQR for on-road autonomous driving motion planning},
 year = {2017}
}

@article{adam,
 author = {Kingma, Diederik P and Ba, Jimmy},
 journal = {arXiv},
 title = {Adam: A method for stochastic optimization},
 year = {2014}
}

@article{ajanovic2018search,
 author = {Ajanovic, Zlatan and Lacevic, Bakir and Shyrokau, Barys and Stolz, Michael and Horn, Martin},
 journal = {arXiv},
 title = {Search-based optimal motion planning for automated driving},
 year = {2018}
}

@inproceedings{argoleaderboard,
 title = {Argoverse Motion Forecasting Competition},
 year = {2019},
 note = {\url{https://eval.ai/web/challenges/challenge-page/454/leaderboard/1279}}
}

@inproceedings{argoverse,
 author = {Chang, Ming-Fang and Lambert, John and Sangkloy, Patsorn and Singh, Jagjeet and Bak, Slawomir and Hartnett, Andrew and Wang, De and Carr, Peter and Lucey, Simon and Ramanan, Deva and others},
 booktitle = {CVPR},
 title = {Argoverse: 3d tracking and forecasting with rich maps},
 year = {2019}
}

@incollection{bandyopadhyay2013intention,
 author = {Bandyopadhyay, Tirthankar and Won, Kok Sung and Frazzoli, Emilio and Hsu, David and Lee, Wee Sun and Rus, Daniela},
 booktitle = {Algorithmic foundations of robotics X},
 title = {Intention-aware motion planning},
 year = {2013}
}

@inproceedings{belanger2016structured,
 author = {Belanger, David and McCallum, Andrew},
 booktitle = {ICML},
 title = {Structured prediction energy networks},
 year = {2016}
}

@article{bojarski2016end,
 author = {Bojarski, Mariusz and Del Testa, Davide and Dworakowski, Daniel and Firner, Bernhard and Flepp, Beat and Goyal, Prasoon and Jackel, Lawrence D and Monfort, Mathew and Muller, Urs and Zhang, Jiakai and others},
 journal = {arXiv},
 title = {End to end learning for self-driving cars},
 year = {2016}
}

@article{bruna2013spectral,
 author = {Bruna, Joan and Zaremba, Wojciech and Szlam, Arthur and LeCun, Yann},
 journal = {arXiv},
 title = {Spectral networks and locally connected networks on graphs},
 year = {2013}
}

@book{buehler2009darpa,
 author = {Buehler, Martin and Iagnemma, Karl and Singh, Sanjiv},
 title = {The DARPA urban challenge: autonomous vehicles in city traffic},
 year = {2009}
}

@article{carla,
 author = {Dosovitskiy, Alexey and Ros, German and Codevilla, Felipe and Lopez, Antonio and Koltun, Vladlen},
 journal = {arXiv},
 title = {CARLA: An open urban driving simulator},
 year = {2017}
}

@inproceedings{carnet,
 author = {Sadeghian, Amir and Legros, Ferdinand and Voisin, Maxime and Vesel, Ricky and Alahi, Alexandre and Savarese, Silvio},
 booktitle = {ECCV},
 title = {Car-net: Clairvoyant attentive recurrent network},
 year = {2018}
}

@article{chauffeurnet,
 author = {Bansal, Mayank and Krizhevsky, Alex and Ogale, Abhijit},
 journal = {arXiv},
 title = {Chauffeurnet: Learning to drive by imitating the best and synthesizing the worst},
 year = {2018}
}

@inproceedings{chen20153d,
 author = {Chen, Xiaozhi and Kundu, Kaustav and Zhu, Yukun and Berneshawi, Andrew G and Ma, Huimin and Fidler, Sanja and Urtasun, Raquel},
 booktitle = {NeurIPS},
 title = {3d object proposals for accurate object class detection},
 year = {2015}
}

@inproceedings{chen2015deepdriving,
 author = {Chen, Chenyi and Seff, Ari and Kornhauser, Alain and Xiao, Jianxiong},
 booktitle = {ICCV},
 title = {Deepdriving: Learning affordance for direct perception in autonomous driving},
 year = {2015}
}

@inproceedings{chen2015learning,
 author = {Chen, Liang-Chieh and Schwing, Alexander and Yuille, Alan and Urtasun, Raquel},
 booktitle = {ICML},
 title = {Learning deep structured models},
 year = {2015}
}

@inproceedings{chen2016monocular,
 author = {Chen, Xiaozhi and Kundu, Kaustav and Zhang, Ziyu and Ma, Huimin and Fidler, Sanja and Urtasun, Raquel},
 booktitle = {CVPR},
 title = {Monocular 3d object detection for autonomous driving},
 year = {2016}
}

@inproceedings{chen2017multi,
 author = {Chen, Xiaozhi and Ma, Huimin and Wan, Ji and Li, Bo and Xia, Tian},
 booktitle = {CVPR},
 title = {Multi-view 3d object detection network for autonomous driving},
 year = {2017}
}

@inproceedings{choi2012unified,
 author = {Choi, Wongun and Savarese, Silvio},
 booktitle = {ECCV},
 title = {A unified framework for multi-target tracking and collective activity recognition},
 year = {2012}
}

@article{choi2013understanding,
 author = {Choi, Wongun and Savarese, Silvio},
 journal = {PAMI},
 title = {Understanding collective activitiesof people from videos},
 year = {2013}
}

@inproceedings{codevilla2018end,
 author = {Codevilla, Felipe and Miiller, Matthias and L{\'o}pez, Antonio and Koltun, Vladlen and Dosovitskiy, Alexey},
 booktitle = {ICRA},
 title = {End-to-end driving via conditional imitation learning},
 year = {2018}
}

@inproceedings{contconv,
 author = {Wang, Shenlong and Suo, Simon and Ma, Wei-Chiu and Pokrovsky, Andrei and Urtasun, Raquel},
 booktitle = {CVPR},
 title = {Deep Parametric Continuous Convolutional Neural Networks},
 year = {2018}
}

@inproceedings{covernet,
 author = {Phan-Minh, Tung and Grigore, Elena Corina and Boulton, Freddy A and Beijbom, Oscar and Wolff, Eric M},
 booktitle = {CVPR},
 title = {Covernet: Multimodal behavior prediction using trajectory sets},
 year = {2020}
}

@inproceedings{cui2019multimodal,
 author = {Cui, Henggang and Radosavljevic, Vladan and Chou, Fang-Chieh and Lin, Tsung-Han and Nguyen, Thi and Huang, Tzu-Kuo and Schneider, Jeff and Djuric, Nemanja},
 booktitle = {ICRA},
 title = {Multimodal trajectory predictions for autonomous driving using deep convolutional networks},
 year = {2019}
}

@article{deo2018would,
 author = {Deo, Nachiket and Rangesh, Akshay and Trivedi, Mohan M},
 journal = {IEEE Transactions on Intelligent Vehicles},
 title = {How would surround vehicles move? a unified framework for maneuver classification and motion prediction},
 year = {2018}
}

@inproceedings{desire,
 author = {Lee, Namhoon and Choi, Wongun and Vernaza, Paul and Choy, Christopher B and Torr, Philip HS and Chandraker, Manmohan},
 booktitle = {CVPR},
 title = {Desire: Distant future prediction in dynamic scenes with interacting agents},
 year = {2017}
}

@inproceedings{dpt,
 author = {Luo, Wenjie and Yang, Bin and Urtasun, Raquel},
 title = {Fast and Furious: Real Time End-to-End 3D Detection, Tracking and Motion Forecasting With a Single Convolutional Net}
}

@article{dsd,
 author = {Zeng, Wenyuan and Wang, Shenlong and Liao, Renjie and Chen, Yun and Yang, Bin and Urtasun, Raquel},
 journal = {arXiv},
 title = {Dsdnet: Deep structured self-driving network},
 year = {2020}
}

@article{fan2018baidu,
 author = {Fan, Haoyang and Zhu, Fan and Liu, Changchun and Zhang, Liangliang and Zhuang, Li and Li, Dong and Zhu, Weicheng and Hu, Jiangtao and Li, Hongye and Kong, Qi},
 journal = {arXiv},
 title = {Baidu Apollo EM Motion Planner},
 year = {2018}
}

@inproceedings{fasterrcnn,
 author = {Ren, Shaoqing and He, Kaiming and Girshick, Ross and Sun, Jian},
 booktitle = {NeurIPS},
 title = {Faster r-cnn: Towards real-time object detection with region proposal networks},
 year = {2015}
}

@inproceedings{fraichard1993path,
 author = {Fraichard, Thierry and Laugier, Christian},
 booktitle = {ICRA},
 title = {Path-velocity decomposition revisited and applied to dynamic trajectory planning},
 year = {1993}
}

@inproceedings{garcia2018few,
 author = {Garcia, Victor and Bruna, Joan},
 booktitle = {ICLR},
 title = {Few-shot learning with graph neural networks},
 year = {2018}
}

@inproceedings{geiger2012we,
 author = {Geiger, Andreas and Lenz, Philip and Urtasun, Raquel},
 booktitle = {CVPR},
 title = {Are we ready for autonomous driving? the kitti vision benchmark suite},
 year = {2012}
}

@inproceedings{graber2018deep,
 author = {Graber, Colin and Meshi, Ofer and Schwing, Alexander},
 booktitle = {NeurIPS},
 title = {Deep structured prediction with nonlinear output transformations},
 year = {2018}
}

@inproceedings{hamilton2017inductive,
 author = {Hamilton, Will and Ying, Zhitao and Leskovec, Jure},
 booktitle = {NeurIPS},
 title = {Inductive representation learning on large graphs},
 year = {2017}
}

@article{hardy2013contingency,
 author = {Hardy, Jason and Campbell, Mark},
 journal = {IEEE Transactions on Robotics},
 title = {Contingency planning over probabilistic obstacle predictions for autonomous road vehicles},
 year = {2013}
}

@article{helbing1995social,
 author = {Helbing, Dirk and Molnar, Peter},
 journal = {Physical review E},
 title = {Social force model for pedestrian dynamics},
 year = {1995}
}

@inproceedings{hong2019rules,
 author = {Hong, Joey and Sapp, Benjamin and Philbin, James},
 booktitle = {CVPR},
 title = {Rules of the road: Predicting driving behavior with a convolutional model of semantic interactions},
 year = {2019}
}

@inproceedings{ibm,
 author = {Liang, Ming and Yang, Bin and Wang, Shenlong and Urtasun, Raquel},
 booktitle = {ECCV},
 title = {Deep continuous fusion for multi-sensor 3d object detection},
 year = {2018}
}

@inproceedings{ihler2009particle,
 author = {Ihler, Alexander and McAllester, David},
 booktitle = {Artificial Intelligence and Statistics},
 title = {Particle belief propagation},
 year = {2009}
}

@inproceedings{ilvm,
 author = {Casas, Sergio and Gulino, Cole and Suo, Simon and Luo, Katie and Liao, Renjie and Urtasun, Raquel},
 booktitle = {ECCV},
 title = {Implicit Latent Variable Model for Scene-Consistent Motion Forecasting},
 year = {2020}
}

@inproceedings{intentnet,
 author = {Casas, Sergio and Luo, Wenjie and Urtasun, Raquel},
 booktitle = {Proceedings of The 2nd Conference on Robot Learning},
 title = {IntentNet: Learning to Predict Intention from Raw Sensor Data},
 year = {2018}
}

@inproceedings{interacttransformer,
 author = {Li, Lingyun and Yang, Bin and Liang, Ming and Zeng, Wenyuan and Ren, Mengye and Segal, Sean and Urtasun, Raquel},
 booktitle = {IROS},
 title = {End-to-end Contextual Perception and Prediction with Interaction Transformer},
 year = {2020}
}

@article{jain2019discrete,
 author = {Jain, Ajay and Casas, Sergio and Liao, Renjie and Xiong, Yuwen and Feng, Song and Segal, Sean and Urtasun, Raquel},
 journal = {arXiv},
 title = {Discrete Residual Flow for Probabilistic Pedestrian Behavior Prediction},
 year = {2019}
}

@article{kant1986toward,
 author = {Kant, Kamal and Zucker, Steven W},
 journal = {The international journal of robotics research},
 title = {Toward efficient trajectory planning: The path-velocity decomposition},
 year = {1986}
}

@article{katrakazas2015real,
 author = {Katrakazas, Christos and Quddus, Mohammed and Chen, Wen-Hua and Deka, Lipika},
 journal = {Transportation Research Part C: Emerging Technologies},
 title = {Real-time motion planning methods for autonomous on-road driving: State-of-the-art and future research directions},
 year = {2015}
}

@article{kendall2018learning,
 author = {Kendall, Alex and Hawke, Jeffrey and Janz, David and Mazur, Przemyslaw and Reda, Daniele and Allen, John-Mark and Lam, Vinh-Dieu and Bewley, Alex and Shah, Amar},
 journal = {arXiv},
 title = {Learning to Drive in a Day},
 year = {2018}
}

@article{kipf2016semi,
 author = {Kipf, Thomas N and Welling, Max},
 journal = {arXiv},
 title = {Semi-supervised classification with graph convolutional networks},
 year = {2016}
}

@inproceedings{ku2018joint,
 author = {Ku, Jason and Mozifian, Melissa and Lee, Jungwook and Harakeh, Ali and Waslander, Steven L},
 booktitle = {IROS},
 title = {Joint 3d proposal generation and object detection from view aggregation},
 year = {2018}
}

@article{layernorm,
 author = {Ba, Jimmy Lei and Kiros, Jamie Ryan and Hinton, Geoffrey E},
 journal = {arXiv},
 title = {Layer normalization},
 year = {2016}
}

@inproceedings{lgn,
 author = {Liang, Ming and Yang, Bin and Hu, Rui and Chen, Yun and Liao, Renjie and Feng, Song and Urtasun, Raquel},
 booktitle = {ECCV},
 title = {Learning Lane Graph Representations for Motion Forecasting},
 year = {2020}
}

@article{li2015gated,
 author = {Li, Yujia and Tarlow, Daniel and Brockschmidt, Marc and Zemel, Richard},
 journal = {arXiv},
 title = {Gated graph sequence neural networks},
 year = {2015}
}

@inproceedings{li2017situation,
 author = {Li, Ruiyu and Tapaswi, Makarand and Liao, Renjie and Jia, Jiaya and Urtasun, Raquel and Fidler, Sanja},
 booktitle = {ICCV},
 title = {Situation recognition with graph neural networks},
 year = {2017}
}

@inproceedings{liao2019lanczosnet,
 author = {Liao, Renjie and Zhao, Zhizhen and Urtasun, Raquel and Zemel, Richard},
 booktitle = {ICLR},
 title = {LanczosNet: Multi-Scale Deep Graph Convolutional Networks},
 year = {2019}
}

@inproceedings{lidarsim,
 author = {Manivasagam, Sivabalan and Wang, Shenlong and Wong, Kelvin and Zeng, Wenyuan and Sazanovich, Mikita and Tan, Shuhan and Yang, Bin and Ma, Wei-Chiu and Urtasun, Raquel},
 booktitle = {CVPR},
 title = {LiDARsim: Realistic LiDAR Simulation by Leveraging the Real World},
 year = {2020}
}

@inproceedings{liu2016ssd,
 author = {Liu, Wei and Anguelov, Dragomir and Erhan, Dumitru and Szegedy, Christian and Reed, Scott and Fu, Cheng-Yang and Berg, Alexander C},
 booktitle = {ECCV},
 title = {Ssd: Single shot multibox detector},
 year = {2016}
}

@inproceedings{luo2016understanding,
 author = {Luo, Wenjie and Li, Yujia and Urtasun, Raquel and Zemel, Richard},
 booktitle = {NeurIPS},
 title = {Understanding the effective receptive field in deep convolutional neural networks},
 year = {2016}
}

@inproceedings{marcos2018learning,
 author = {Marcos, Diego and Tuia, Devis and Kellenberger, Benjamin and Zhang, Lisa and Bai, Min and Liao, Renjie and Urtasun, Raquel},
 booktitle = {CVPR},
 title = {Learning deep structured active contours end-to-end},
 year = {2018}
}

@inproceedings{maskrcnn,
 author = {He, Kaiming and Gkioxari, Georgia and Doll{\'a}r, Piotr and Girshick, Ross},
 booktitle = {ICCV},
 title = {Mask r-cnn},
 year = {2017}
}

@inproceedings{matf,
 author = {Zhao, Tianyang and Xu, Yifei and Monfort, Mathew and Choi, Wongun and Baker, Chris and Zhao, Yibiao and Wang, Yizhou and Wu, Ying Nian},
 booktitle = {CVPR},
 title = {Multi-agent tensor fusion for contextual trajectory prediction},
 year = {2019}
}

@article{mcnaughton2011parallel,
 author = {McNaughton, Matthew},
 title = {Parallel algorithms for real-time motion planning},
 year = {2011}
}

@inproceedings{mehran2009abnormal,
 author = {Mehran, Ramin and Oyama, Alexis and Shah, Mubarak},
 booktitle = {CVPR},
 title = {Abnormal crowd behavior detection using social force model},
 year = {2009}
}

@inproceedings{mercat2020multi,
 author = {Mercat, Jean and Gilles, Thomas and El Zoghby, Nicole and Sandou, Guillaume and Beauvois, Dominique and Gil, Guillermo Pita},
 booktitle = {ICRA},
 title = {Multi-head attention for multi-modal joint vehicle motion forecasting},
 year = {2020}
}

@article{mfp,
 author = {Tang, Yichuan Charlie and Salakhutdinov, Ruslan},
 journal = {arXiv},
 title = {Multiple Futures Prediction},
 year = {2019}
}

@inproceedings{min2019multi,
 author = {Min Choi, Hee and Kang, Hyoa and Hyun, Yoonsuk},
 booktitle = {ICCV},
 title = {Multi-View Reprojection Architecture for Orientation Estimation},
 year = {2019}
}

@inproceedings{mmf,
 author = {Liang, Ming and Yang, Bin and Chen, Yun and Hu, Rui and Urtasun, Raquel},
 booktitle = {CVPR},
 title = {Multi-Task Multi-Sensor Fusion for 3D Object Detection},
 year = {2019}
}

@article{mobilenet,
 author = {Howard, Andrew G and Zhu, Menglong and Chen, Bo and Kalenichenko, Dmitry and Wang, Weijun and Weyand, Tobias and Andreetto, Marco and Adam, Hartwig},
 journal = {arXiv},
 title = {Mobilenets: Efficient convolutional neural networks for mobile vision applications},
 year = {2017}
}

@article{montemerlo2008junior,
 author = {Montemerlo, Michael and Becker, Jan and Bhat, Suhrid and Dahlkamp, Hendrik and Dolgov, Dmitri and Ettinger, Scott and Haehnel, Dirk and Hilden, Tim and Hoffmann, Gabe and Huhnke, Burkhard and others},
 journal = {Journal of field Robotics},
 title = {Junior: The stanford entry in the urban challenge},
 year = {2008}
}

@inproceedings{monti2017geometric,
 author = {Monti, Federico and Boscaini, Davide and Masci, Jonathan and Rodola, Emanuele and Svoboda, Jan and Bronstein, Michael M},
 booktitle = {CVPR},
 title = {Geometric deep learning on graphs and manifolds using mixture model cnns},
 year = {2017}
}

@article{muller2018driving,
 author = {M{\"u}ller, Matthias and Dosovitskiy, Alexey and Ghanem, Bernard and Koltun, Vladen},
 journal = {arXiv},
 title = {Driving Policy Transfer via Modularity and Abstraction},
 year = {2018}
}

@article{multipath,
 author = {Chai, Yuning and Sapp, Benjamin and Bansal, Mayank and Anguelov, Dragomir},
 journal = {arXiv},
 title = {MultiPath: Multiple Probabilistic Anchor Trajectory Hypotheses for Behavior Prediction},
 year = {2019}
}

@inproceedings{murphy1999loopy,
 author = {Murphy, Kevin P and Weiss, Yair and Jordan, Michael I},
 booktitle = {Proceedings of the Fifteenth conference on Uncertainty in artificial intelligence},
 title = {Loopy belief propagation for approximate inference: An empirical study},
 year = {1999}
}

@inproceedings{nmp,
 author = {Zeng, Wenyuan and Luo, Wenjie and Suo, Simon and Sadat, Abbas and Yang, Bin and Casas, Sergio and Urtasun, Raquel},
 booktitle = {CVPR},
 title = {End-to-end Interpretable Neural Motion Planner},
 year = {2019}
}

@article{nuscenes2019,
 author = {Holger Caesar and Varun Bankiti and Alex H. Lang and Sourabh Vora and 
Venice Erin Liong and Qiang Xu and Anush Krishnan and Yu Pan and 
Giancarlo Baldan and Oscar Beijbom},
 journal = {arXiv},
 title = {nuScenes: A multimodal dataset for autonomous driving},
 year = {2019}
}

@inproceedings{ohem,
 author = {Shrivastava, Abhinav and Gupta, Abhinav and Girshick, Ross},
 booktitle = {CVPR},
 title = {Training region-based object detectors with online hard example mining},
 year = {2016}
}

@inproceedings{p3,
 author = {Sadat, Abbas and Casas, Sergio and Ren, Mengye and Wu, Xinyu and Dhawan, Pranaab and Urtasun, Raquel},
 booktitle = {ECCV},
 title = {Perceive, Predict, and Plan: Safe Motion Planning Through Interpretable Semantic Representations},
 year = {2020}
}

@article{paden2016survey,
 author = {Paden, Brian and {\v{C}}{\'a}p, Michal and Yong, Sze Zheng and Yershov, Dmitry and Frazzoli, Emilio},
 journal = {IEEE Transactions on intelligent vehicles},
 title = {A survey of motion planning and control techniques for self-driving urban vehicles},
 year = {2016}
}

@article{pan2017virtual,
 author = {Pan, Xinlei and You, Yurong and Wang, Ziyan and Lu, Cewu},
 journal = {arXiv},
 title = {Virtual to real reinforcement learning for autonomous driving},
 year = {2017}
}

@article{pip,
 author = {Song, Haoran and Ding, Wenchao and Chen, Yuxuan and Shen, Shaojie and Wang, Michael Yu and Chen, Qifeng},
 journal = {arXiv},
 title = {PiP: Planning-informed Trajectory Prediction for Autonomous Driving},
 year = {2020}
}

@inproceedings{pixor,
 author = {Yang, Bin and Luo, Wenjie and Urtasun, Raquel},
 title = {PIXOR: Real-Time 3D Object Detection From Point Clouds}
}

@article{plt,
 author = {Sadat, Abbas and Ren, Mengye and Pokrovsky, Andrei and Lin, Yen-Chen and Yumer, Ersin and Urtasun, Raquel},
 journal = {arXiv},
 title = {Jointly Learnable Behavior and Trajectory Planning for Self-Driving Vehicles},
 year = {2019}
}

@inproceedings{pnpnet,
 author = {Liang, Ming and Yang, Bin and Zeng, Wenyuan and Chen, Yun and Hu, Rui and Casas, Sergio and Urtasun, Raquel},
 booktitle = {CVPR},
 title = {PnPNet: End-to-End Perception and Prediction with Tracking in the Loop},
 year = {2020}
}

@inproceedings{pointpillars,
 author = {Lang, Alex H and Vora, Sourabh and Caesar, Holger and Zhou, Lubing and Yang, Jiong and Beijbom, Oscar},
 booktitle = {CVPR},
 title = {PointPillars: Fast encoders for object detection from point clouds},
 year = {2019}
}

@inproceedings{pomerleau1989alvinn,
 author = {Pomerleau, Dean A},
 booktitle = {NeurIPS},
 title = {Alvinn: An autonomous land vehicle in a neural network},
 year = {1989}
}

@article{precog,
 author = {Rhinehart, Nicholas and McAllister, Rowan and Kitani, Kris and Levine, Sergey},
 journal = {arXiv},
 title = {PRECOG: PREdiction Conditioned On Goals in Visual Multi-Agent Settings},
 year = {2019}
}

@inproceedings{priorpred,
 author = {Casas, Sergio and Gulino, Cole and Suo, Simon and Urtasun, Raquel},
 booktitle = {IROS},
 title = {The Importance of Prior Knowledge in Precise Multimodal Prediction},
 year = {2020}
}

@misc{psp,
 author = {Zhao, H and Shi, J and Qi, X and Wang, X and Jia, J},
 title = {Pyramid scene parsing network. CoRRabs/1612.01105},
 year = {2016}
}

@inproceedings{qi20173d,
 author = {Qi, Xiaojuan and Liao, Renjie and Jia, Jiaya and Fidler, Sanja and Urtasun, Raquel},
 booktitle = {ICCV},
 title = {3d graph neural networks for rgbd semantic segmentation},
 year = {2017}
}

@inproceedings{qi2018frustum,
 author = {Qi, Charles R and Liu, Wei and Wu, Chenxia and Su, Hao and Guibas, Leonidas J},
 booktitle = {CVPR},
 title = {Frustum pointnets for 3d object detection from rgb-d data},
 year = {2018}
}

@inproceedings{r2p2,
 author = {Rhinehart, Nicholas and Kitani, Kris M and Vernaza, Paul},
 booktitle = {ECCV},
 title = {R2P2: A ReparameteRized Pushforward Policy for Diverse, Precise Generative Path Forecasting},
 year = {2018}
}

@inproceedings{radarnet,
 author = {Yang, Bin and Guo, Runsheng Benson and Liang, Ming and Sergio, Casas and Urtasun, Raquel},
 booktitle = {ECCV},
 title = {Exploiting Radar for Robust Perception of Dynamic Objects},
 year = {2020}
}

@inproceedings{relu,
 author = {Nair, Vinod and Hinton, Geoffrey E},
 booktitle = {ICML},
 title = {Rectified linear units improve restricted boltzmann machines},
 year = {2010}
}

@article{sauer2018conditional,
 author = {Sauer, Axel and Savinov, Nikolay and Geiger, Andreas},
 journal = {arXiv},
 title = {Conditional Affordance Learning for Driving in Urban Environments},
 year = {2018}
}

@article{scarselli2008graph,
 author = {Scarselli, Franco and Gori, Marco and Tsoi, Ah Chung and Hagenbuchner, Markus and Monfardini, Gabriele},
 journal = {IEEE Transactions on Neural Networks},
 title = {The graph neural network model},
 year = {2008}
}

@article{schwing2015fully,
 author = {Schwing, Alexander G and Urtasun, Raquel},
 journal = {arXiv},
 title = {Fully connected deep structured networks},
 year = {2015}
}

@article{shin1992path,
 author = {Shin, Dong Hun and Singh, Sanjiv and Whittaker, W},
 journal = {IFAC Proceedings Volumes},
 title = {Path generation for a robot vehicle using composite clothoid segments},
 year = {1992}
}

@article{silver2017mastering,
 author = {Silver, David and Schrittwieser, Julian and Simonyan, Karen and Antonoglou, Ioannis and Huang, Aja and Guez, Arthur and Hubert, Thomas and Baker, Lucas and Lai, Matthew and Bolton, Adrian and others},
 journal = {Nature},
 title = {Mastering the game of Go without human knowledge},
 year = {2017}
}

@inproceedings{socialatt,
 author = {Vemula, Anirudh and Muelling, Katharina and Oh, Jean},
 booktitle = {ICRA},
 title = {Social attention: Modeling attention in human crowds},
 year = {2018}
}

@inproceedings{socialconvpool,
 author = {Deo, Nachiket and Trivedi, Mohan M},
 booktitle = {CVPR},
 title = {Convolutional social pooling for vehicle trajectory prediction},
 year = {2018}
}

@inproceedings{socialgan,
 author = {Gupta, Agrim and Johnson, Justin and Fei-Fei, Li and Savarese, Silvio and Alahi, Alexandre},
 booktitle = {CVPR},
 title = {Social gan: Socially acceptable trajectories with generative adversarial networks},
 year = {2018}
}

@inproceedings{sociallstm,
 author = {Alahi, Alexandre and Goel, Kratarth and Ramanathan, Vignesh and Robicquet, Alexandre and Fei-Fei, Li and Savarese, Silvio},
 booktitle = {CVPR},
 title = {Social lstm: Human trajectory prediction in crowded spaces},
 year = {2016}
}

@inproceedings{sohn2015learning,
 author = {Sohn, Kihyuk and Lee, Honglak and Yan, Xinchen},
 booktitle = {NeurIPS},
 title = {Learning structured output representation using deep conditional generative models},
 year = {2015}
}

@inproceedings{sophie,
 author = {Sadeghian, Amir and Kosaraju, Vineet and Sadeghian, Ali and Hirose, Noriaki and Rezatofighi, Hamid and Savarese, Silvio},
 booktitle = {CVPR},
 title = {Sophie: An attentive gan for predicting paths compliant to social and physical constraints},
 year = {2019}
}

@article{spagnn,
 author = {Casas, Sergio and Gulino, Cole and Liao, Renjie and Urtasun, Raquel},
 journal = {arXiv},
 title = {Spatially-Aware Graph Neural Networks for Relational Behavior Forecasting from Sensor Data},
 year = {2019}
}

@article{squeezenet,
 author = {Iandola, Forrest N and Han, Song and Moskewicz, Matthew W and Ashraf, Khalid and Dally, William J and Keutzer, Kurt},
 journal = {arXiv},
 title = {Squeezenet: Alexnet-level accuracy with 50x fewer parameters and< 0.5 mb model size},
 year = {2016}
}

@article{sudderth2010nonparametric,
 author = {Sudderth, Erik B and Ihler, Alexander T and Isard, Michael and Freeman, William T and Willsky, Alan S},
 journal = {Communications of the ACM},
 title = {Nonparametric belief propagation},
 year = {2010}
}

@inproceedings{sun2019relational,
 author = {Sun, Chen and Shrivastava, Abhinav and Vondrick, Carl and Sukthankar, Rahul and Murphy, Kevin and Schmid, Cordelia},
 booktitle = {CVPR},
 title = {Relational action forecasting},
 year = {2019}
}

@inproceedings{teney2017graph,
 author = {Teney, Damien and Liu, Lingqiao and van Den Hengel, Anton},
 booktitle = {CVPR},
 title = {Graph-structured representations for visual question answering},
 year = {2017}
}

@article{tnt,
 author = {Zhao, Hang and Gao, Jiyang and Lan, Tian and Sun, Chen and Sapp, Benjamin and Varadarajan, Balakrishnan and Shen, Yue and Shen, Yi and Chai, Yuning and Schmid, Cordelia and others},
 journal = {arXiv},
 title = {TNT: Target-driveN Trajectory Prediction},
 year = {2020}
}

@inproceedings{transformer,
 author = {Vaswani, Ashish and Shazeer, Noam and Parmar, Niki and Uszkoreit, Jakob and Jones, Llion and Gomez, Aidan N and Kaiser, {\L}ukasz and Polosukhin, Illia},
 booktitle = {NeurIPS},
 title = {Attention is all you need},
 year = {2017}
}

@inproceedings{v2vnet,
 author = {Wang, Tsun-Hsuan and Manivasagam, Sivabalan and Liang, Ming and Yang, Bin and Zeng, Wenyuan and Urtasun Raquel},
 booktitle = {ECCV},
 title = {V2VNet: Vehicle-to-Vehicle Communication for Joint Perception and Prediction},
 year = {2020}
}

@article{vae,
 author = {Kingma, Diederik P and Welling, Max},
 journal = {arXiv},
 title = {Auto-encoding variational bayes},
 year = {2013}
}

@inproceedings{vectornet,
 author = {Gao, Jiyang and Sun, Chen and Zhao, Hang and Shen, Yi and Anguelov, Dragomir and Li, Congcong and Schmid, Cordelia},
 booktitle = {CVPR},
 title = {VectorNet: Encoding HD Maps and Agent Dynamics from Vectorized Representation},
 year = {2020}
}

@inproceedings{voxelnet,
 author = {Zhou, Yin and Tuzel, Oncel},
 booktitle = {CVPR},
 title = {Voxelnet: End-to-end learning for point cloud based 3d object detection},
 year = {2018}
}

@inproceedings{weichiuplay,
 author = {Ma, Wei-Chiu D. and Huang, De-An and Lee, Namhoon and Kitani, Kris M},
 booktitle = {CVPR},
 title = {Forecasting interactive dynamics of pedestrians with fictitious play},
 year = {2017}
}

@article{weiss2010belief,
 author = {Weiss, Yair and Pearl, Judea},
 journal = {Communications of the ACM},
 title = {Belief propagation: technical perspective},
 year = {2010}
}

@inproceedings{werling2010optimal,
 author = {Werling, Moritz and Ziegler, Julius and Kammel, S{\"o}ren and Thrun, Sebastian},
 booktitle = {ICRA},
 title = {Optimal trajectory generation for dynamic street scenarios in a frenet frame},
 year = {2010}
}

@article{wulfmeier2015maximum,
 author = {Wulfmeier, Markus and Ondruska, Peter and Posner, Ingmar},
 journal = {arXiv},
 title = {Maximum entropy deep inverse reinforcement learning},
 year = {2015}
}

@inproceedings{yamaguchi2011you,
 author = {Yamaguchi, Kota and Berg, Alexander C and Ortiz, Luis E and Berg, Tamara L},
 booktitle = {CVPR},
 title = {Who are you with and where are you going?},
 year = {2011}
}

@inproceedings{yamaguchi2012continuous,
 author = {Yamaguchi, Koichiro and Hazan, Tamir and McAllester, David and Urtasun, Raquel},
 booktitle = {ECCV},
 title = {Continuous markov random fields for robust stereo estimation},
 year = {2012}
}

@inproceedings{yamaguchi2014efficient,
 author = {Yamaguchi, Koichiro and McAllester, David and Urtasun, Raquel},
 booktitle = {ECCV},
 title = {Efficient joint segmentation, occlusion labeling, stereo and flow estimation},
 year = {2014}
}

@article{yedidia2003understanding,
 author = {Yedidia, Jonathan S and Freeman, William T and Weiss, Yair},
 journal = {Exploring artificial intelligence in the new millennium},
 title = {Understanding belief propagation and its generalizations},
 year = {2003}
}

@article{yu2015multi,
 author = {Yu, Fisher and Koltun, Vladlen},
 journal = {arXiv},
 title = {Multi-scale context aggregation by dilated convolutions},
 year = {2015}
}

@inproceedings{zhai2016deep,
 author = {Zhai, Shuangfei and Cheng, Yu and Lu, Weining and Zhang, Zhongfei},
 booktitle = {ICML},
 title = {Deep Structured Energy Based Models for Anomaly Detection},
 year = {2016}
}

@inproceedings{zhan2016non,
 author = {Zhan, Wei and Liu, Changliu and Chan, Ching-Yao and Tomizuka, Masayoshi},
 booktitle = {Intelligent Transportation Systems (ITSC), 2016 IEEE 19th International Conference on},
 title = {A non-conservatively defensive strategy for urban autonomous driving},
 year = {2016}
}

@article{zhu2019class,
 author = {Zhu, Benjin and Jiang, Zhengkai and Zhou, Xiangxin and Li, Zeming and Yu, Gang},
 journal = {arXiv},
 title = {Class-balanced Grouping and Sampling for Point Cloud 3D Object Detection},
 year = {2019}
}

@inproceedings{ziebart2008maximum,
 author = {Ziebart, Brian D and Maas, Andrew L and Bagnell, J Andrew and Dey, Anind K},
 booktitle = {AAAI},
 title = {Maximum Entropy Inverse Reinforcement Learning.},
 year = {2008}
}

@inproceedings{ziegler2014trajectory,
 author = {Ziegler, Julius and Bender, Philipp and Dang, Thao and Stiller, Christoph},
 booktitle = {Intelligent Vehicles Symposium Proceedings, 2014 IEEE},
 title = {Trajectory planning for Bertha—A local, continuous method},
 year = {2014}
}

@article{attnmp,
 author = {Wei, Bob and Ren, Mengye and Zeng, Wenyuan and Liang, Ming and Yang,
           Bin and Urtasun, Raquel},
 journal = {arXiv},
 title = {Perceive, Attend, and Drive: Learning Spatial Attention for Safe
          Self-Driving},
 year = {2020}
}

@inproceedings{frenet,
  title={Optimal trajectory generation for dynamic street scenarios in a frenet frame},
  author={Werling, Moritz and Ziegler, Julius and Kammel, S{\"o}ren and Thrun, Sebastian},
  booktitle={2010 IEEE International Conference on Robotics and Automation},
  pages={987--993},
  year={2010},
  organization={IEEE}
}

